% Encoding: ISO-8859-1

@InProceedings{Balaban2005:OOPSLA,
  author =        {Balaban, Ittai and Tip, Frank and Fuhrer, Robert},
  title =         {Refactoring Support for Class Library Migration},
  booktitle =     {OOPSLA'05},
  year =          {2005},
  pages =         {265--279},
  __markedentry = {[sgerasimou:1]},
  comment =       {Lib. Migration}
}

@Book{Bartels2012,
  title =         {Strategies to the Prediction, Mitigation and Management of Product Obsolescence},
  publisher =     {John Wiley \& Sons},
  year =          {2012},
  author =        {Bartels, Bjoern and Ermel, Ulrich and Pecht, Michael and Sandborn, Peter},
  __markedentry = {[sgerasimou:1]},
  owner =         {sgerasimou},
  timestamp =     {2017.01.22}
}

@InBook{Bartolomei2010:SLE,
  pages =     {42--61},
  title =     {Study of an API Migration for Two XML APIs},
  publisher = {Springer Berlin Heidelberg},
  year =      {2010},
  author =    {Bartolomei, Thiago Tonelli and Czarnecki, Krzysztof and L{\"a}mmel, Ralf and van der Storm, Tijs},
  editor =    {van den Brand, Mark and Ga{\v{s}}evi{\'{c}}, Dragan and Gray, Jeff},
  address =   {Berlin, Heidelberg},
  booktitle = {Software Language Engineering: Second International Conference, SLE 2009, Denver, CO, USA, October 5-6, 2009, Revised Selected Papers},
  comment =   {Lib. Migration},
  doi =       {10.1007/978-3-642-12107-4_5},
  isbn =      {978-3-642-12107-4},
  owner =     {sgerasimou},
  timestamp = {2017.04.26},
  url =       {http://dx.doi.org/10.1007/978-3-642-12107-4_5}
}

@Misc{Bartolomei2012,
  author =        {Thiago Tonelli Bartolomei and Krzysztof Czarnecki and Ralf Lï¿½mmel},
  title =         {Compliance testing for wrapper-based API migration},
  comment =       {Lib. Migration},
  owner =         {sgerasimou},
  timestamp =     {2017.04.26},
  url =           {http://citeseerx.ist.psu.edu/viewdoc/summary?doi=10.1.1.387.2878}
}

@InProceedings{Bartolomei2010:ICSM,
  author =        {Thiago Tonelli Bartolomei and Krzysztof and Ralf},
  title =         {Swing to {SWT} and back: Patterns for {API} migration by wrapping},
  booktitle =     {ICSM'10},
  year =          {2010},
  pages =         {1-10},
  __markedentry = {[sgerasimou:1]},
  comment =       {Lib. Migration}
}

@Article{Izquierdo2012:JIST,
  author =     {C\'{a}novas Izquierdo, Javier Luis and Jouault, Fr{\'e}d{\'e}ric and Cabot, Jordi and Garc\'{\i}a Molina, Jes\'{u}s},
  title =      {API2MoL: Automating the Building of Bridges Between APIs and Model-Driven Engineering},
  journal =    {Inf. Softw. Technol.},
  year =       {2012},
  volume =     {54},
  number =     {3},
  pages =      {257--273},
  month =      mar,
  acmid =      {2088605},
  address =    {Newton, MA, USA},
  doi =        {10.1016/j.infsof.2011.09.006},
  issn =       {0950-5849},
  issue_date = {March, 2012},
  keywords =   {Application Programming Interface, Domain-Specific Languages, Model-Driven Engineering},
  numpages =   {17},
  owner =      {sgerasimou},
  publisher =  {Butterworth-Heinemann},
  timestamp =  {2017.04.26},
  url =        {http://dx.doi.org/10.1016/j.infsof.2011.09.006}
}

@InBook{Wang2016:ECOOP,
  title =     {Transforming Programs between APIs with Many-to-Many Mappings},
  year =      {2016},
  author =    {Chenglong Wang, Jiajun Jiang, Jun Li, Yingfei Xiong, Xiangyu Luo, Lu Zhang, and Zhenjiang Hu},
  booktitle = {30th European Conference on Object-Oriented Programming.},
  comment =   {Lib. Migration},
  owner =     {sgerasimou},
  timestamp = {2017.04.26}
}

@InProceedings{Cossette2012:FSE,
  author =        {Cossette, Bradley E. and Walker, Robert J.},
  title =         {Seeking the Ground Truth: A Retroactive Study on the Evolution and Migration of Software Libraries},
  booktitle =     {FSE'12},
  year =          {2012},
  pages =         {1--11},
  __markedentry = {[sgerasimou:1]},
  comment =       {Lib. Update}
}

@InProceedings{Cox2015:ICSE,
  author =    {Cox, Jo\"{e}l and Bouwers, Eric and van Eekelen, Marko and Visser, Joost},
  title =     {Measuring Dependency Freshness in Software Systems},
  booktitle = {Proceedings of the 37th International Conference on Software Engineering - Volume 2},
  year =      {2015},
  series =    {ICSE '15},
  pages =     {109--118},
  address =   {Piscataway, NJ, USA},
  publisher = {IEEE Press},
  acmid =     {2819027},
  comment =   {Lib. Update},
  location =  {Florence, Italy},
  numpages =  {10},
  owner =     {sgerasimou},
  timestamp = {2017.04.26},
  url =       {http://dl.acm.org/citation.cfm?id=2819009.2819027}
}

@Article{Dagenais2011:TOSEM,
  author =        {Dagenais, Barth{\'e}l{\'e}my and Robillard, Martin P.},
  title =         {Recommending Adaptive Changes for Framework Evolution},
  journal =       {ACM Trans. Softw. Eng. Methodol.},
  year =          {2011},
  volume =        {20},
  number =        {4},
  pages =         {19:1--19:35},
  __markedentry = {[sgerasimou:1]}
}

@InProceedings{Dig2005:ICSM,
  author =        {Dig, Danny and Johnson, Ralph},
  title =         {The Role of Refactorings in {API} Evolution},
  booktitle =     {ICSM'05},
  year =          {2005},
  pages =         {389--398},
  __markedentry = {[sgerasimou:1]}
}

@Article{Dig2006:JSME,
  author =  {Dig, Danny and Johnson, Ralph},
  title =   {How Do APIs Evolve\&Quest; A Story of Refactoring: Research Articles},
  journal = {J. Softw. Maint. Evol.},
  year =    {2006},
  volume =  {18},
  number =  {2},
  pages =   {83--107},
  month =   mar
}

@InProceedings{Dig2008:ICSE,
  author =    {Dig, Danny and Negara, Stas and Mohindra, Vibhu and Johnson, Ralph},
  title =     {ReBA: Refactoring-aware Binary Adaptation of Evolving Libraries},
  booktitle = {Proceedings of the 30th International Conference on Software Engineering},
  year =      {2008},
  series =    {ICSE '08},
  pages =     {441--450}
}

@Book{Gamma1995:GOF,
  title =     {Design Patterns: Elements of Reusable Object-oriented Software},
  publisher = {Addison-Wesley Longman Publishing Co., Inc.},
  year =      {1995},
  author =    {Gamma, Erich and Helm, Richard and Johnson, Ralph and Vlissides, John},
  address =   {Boston, MA, USA},
  isbn =      {0-201-63361-2}
}

@InProceedings{Gokhale2013:ICSE,
  author =    {A. Gokhale and V. Ganapathy and Y. Padmanaban},
  title =     {Inferring likely mappings between APIs},
  booktitle = {2013 35th International Conference on Software Engineering (ICSE)},
  year =      {2013},
  pages =     {82-91},
  month =     {May},
  comment =   {Lang. Migration},
  doi =       {10.1109/ICSE.2013.6606554},
  issn =      {0270-5257},
  keywords =  {Java;application program interfaces;software tools;API documentation;API methods;Android graphics APIs;Java2 Platform Mobile Edition;Rosetta;independently-developed applications;mapping inferrence;method sequence;software developers;source platform API;target platform API;Androids;Databases;Games;Humanoid robots;Inference algorithms;Probability distribution;Random variables},
  owner =     {sgerasimou},
  timestamp = {2017.04.26}
}

@InProceedings{Henkel2005:ICSE,
  author =        {Henkel, Johannes and Diwan, Amer},
  title =         {CatchUp!: Capturing and Replaying Refactorings to Support API Evolution},
  booktitle =     {ICSE'05},
  year =          {2005},
  pages =         {274--283},
  __markedentry = {[sgerasimou:1]}
}

@InBook{Li2015:PEPM,
  pages =         {42--61},
  title =         {SWIN: towards type-safe Java program adaptation between {APIs}},
  year =          {2015},
  author =        {Jun Li, Chenglong Wang, Yingfei Xiong, and Zhenjiang Hu},
  booktitle =     {Proceedings of the Workshop on Partial Evaluation and Program Manipulation. },
  comment =       {Lib. Migration},
  owner =         {sgerasimou},
  timestamp =     {2017.04.26}
}

@InProceedings{Kapur2010:OOPSLA,
  author =        {Kapur, Puneet and Cossette, Brad and Walker, Robert J.},
  title =         {Refactoring References for Library Migration},
  booktitle =     {Proceedings of the ACM International Conference on Object Oriented Programming Systems Languages and Applications},
  year =          {2010},
  series =        {OOPSLA '10},
  pages =         {726--738},
  address =       {New York, NY, USA},
  publisher =     {ACM},
  acmid =         {1869518},
  comment =       {Lib. Update},
  doi =           {10.1145/1869459.1869518},
  isbn =          {978-1-4503-0203-6},
  keywords =      {dangling references, flexible search, flexible transformation, library migration, refactoring, trident},
  location =      {Reno/Tahoe, Nevada, USA},
  numpages =      {13},
  owner =         {sgerasimou},
  timestamp =     {2017.04.26},
  url =           {http://doi.acm.org/10.1145/1869459.1869518}
}

@InProceedings{Laemmel2011:SAC,
  author =        {L\"{a}mmel, Ralf and Pek, Ekaterina and Starek, J\"{u}rgen},
  title =         {Large-scale, {AST}-based {API}-usage Analysis of Open-source Java Projects},
  booktitle =     {SAC'11},
  year =          {2011},
  pages =         {1317--1324},
  __markedentry = {[sgerasimou:1]},
  comment =       {Lib. Migration}
}

@Misc{FASTprotocol:LSE,
  author =    {{London Stock Exchange}},
  title =     {{FIX/FAST} Specification},
  month =     {Dec},
  year =      {2011},
  owner =     {sgerasimou},
  timestamp = {2017.01.23}
}

@InProceedings{Merola2006:ICCBSS,
  author =    {Merola, Leigh},
  title =     {The COTS Software Obsolescence Threat},
  booktitle = {Fifth International Conference on Commercial-off-the-Shelf (COTS)-Based Software Systems (ICCBSS'06)},
  year =      {2006},
  pages =     {127--},
  owner =     {sgerasimou},
  timestamp = {2017.04.26}
}

@Book{Meyer1997:OOSC,
  title =     {Object-oriented Software Construction},
  publisher = {Prentice-Hall, Inc.},
  year =      {1997},
  author =    {Meyer, Bertrand}
}

@Misc{mFAST,
  author =       {mFAST},
  howpublished = {http://objectcomputing.github.io/mFAST},
  note =         {Last accessed January 2017},
  owner =        {sgerasimou},
  timestamp =    {2017.01.23}
}

@Article{Munoz2015,
  author =  {Raï¿½l Gonzï¿½lez Muï¿½oz and Essam Shehab and Martin Weinitzke and Rachel Bence and Chris Fowler and Stephen Tothill and Paul Baguley},
  title =   {Key Challenges in Software Application Complexity and Obsolescence Management within Aerospace Industry },
  journal = {CIRPe - Understanding the life cycle implications of manufacturing},
  year =    {2015},
  volume =  {37},
  pages =   {24 - 29}
}

@InProceedings{Nguyen2014:ASE,
  author =        {Nguyen, Anh Tuan and Nguyen, Hoan Anh and Nguyen, Tung Thanh and Nguyen, Tien N.},
  title =         {Statistical Learning Approach for Mining API Usage Mappings for Code Migration},
  booktitle =     {ASE'14},
  year =          {2014},
  pages =         {457--468},
  __markedentry = {[sgerasimou:1]},
  comment =       {Lang. Migration}
}

@InProceedings{Nguyen2014:ICSE,
  author =    {Nguyen, Anh Tuan and Nguyen, Hoan Anh and Nguyen, Tung Thanh and Nguyen, Tien N.},
  title =     {Statistical Learning of API Mappings for Language Migration},
  booktitle = {Companion Proceedings of the 36th International Conference on Software Engineering},
  year =      {2014},
  series =    {ICSE Companion 2014},
  pages =     {618--619},
  address =   {New York, NY, USA},
  publisher = {ACM},
  acmid =     {2591144},
  comment =   {Lang. Migration},
  doi =       {10.1145/2591062.2591144},
  isbn =      {978-1-4503-2768-8},
  keywords =  {Language Migration, Statistical Machine Translation},
  location =  {Hyderabad, India},
  numpages =  {2},
  owner =     {sgerasimou},
  timestamp = {2017.04.26},
  url =       {http://doi.acm.org/10.1145/2591062.2591144}
}

@InProceedings{Nguyen2013:FSE,
  author =    {Nguyen, Anh Tuan and Nguyen, Tung Thanh and Nguyen, Tien N.},
  title =     {Lexical Statistical Machine Translation for Language Migration},
  booktitle = {Proceedings of the 2013 9th Joint Meeting on Foundations of Software Engineering},
  year =      {2013},
  series =    {ESEC/FSE 2013},
  pages =     {651--654},
  address =   {New York, NY, USA},
  publisher = {ACM},
  acmid =     {2494584},
  comment =   {Lang. Migration},
  doi =       {10.1145/2491411.2494584},
  isbn =      {978-1-4503-2237-9},
  keywords =  {Language Migration, Statistical Machine Translation},
  location =  {Saint Petersburg, Russia},
  numpages =  {4},
  owner =     {sgerasimou},
  timestamp = {2017.04.26},
  url =       {http://doi.acm.org/10.1145/2491411.2494584}
}

@InProceedings{Nguyen2010:OOPSLA10,
  author =        {Nguyen, Hoan Anh and Nguyen, Tung Thanh and Wilson,Jr., Gary and Nguyen, Anh Tuan and Kim, Miryung and Nguyen, Tien N.},
  title =         {A Graph-based Approach to API Usage Adaptation},
  booktitle =     {OOPSLA'10},
  year =          {2010},
  pages =         {302--321},
  __markedentry = {[sgerasimou:1]},
  comment =       {Lib. Update}
}

@InProceedings{Nguyen2016:ICSE,
  author =    {Nguyen, Trong Duc and Nguyen, Anh Tuan and Nguyen, Tien N.},
  title =     {Mapping API Elements for Code Migration with Vector Representations},
  booktitle = {Proceedings of the 38th International Conference on Software Engineering Companion},
  year =      {2016},
  series =    {ICSE '16},
  pages =     {756--758},
  address =   {New York, NY, USA},
  publisher = {ACM},
  acmid =     {2892661},
  comment =   {Lang. Migration},
  doi =       {10.1145/2889160.2892661},
  isbn =      {978-1-4503-4205-6},
  keywords =  {API mappings, Word2Vec, code migration, language migration},
  location =  {Austin, Texas},
  numpages =  {3},
  owner =     {sgerasimou},
  timestamp = {2017.04.26},
  url =       {http://doi.acm.org/10.1145/2889160.2892661}
}

@InProceedings{Nita2010:ICSE,
  author =        {Nita, Marius and Notkin, David},
  title =         {Using Twinning to Adapt Programs to Alternative {APIs}},
  booktitle =     {ICSE'10},
  year =          {2010},
  pages =         {205--214},
  __markedentry = {[sgerasimou:1]},
  comment =       {Lib. Migration}
}

@Misc{CaseStudies,
  author =    {R. Paige and S. Gerasimou and D. Kolovos},
  title =     {Case Studies Description},
  month =     {November},
  year =      {2016},
  owner =     {sgerasimou},
  timestamp = {2017.01.22}
}

@Misc{DSTL-Report,
  author =    {S. Gerasimou and R. Paige and D. Kolovos},
  title =     {Technical Obsolescence Management Strategies for Safety-Related Software for Airborne Systems},
  month =     {July},
  year =      {2017},
  owner =     {sgerasimou},
  timestamp = {2017.01.22}
}


@Misc{DO178B,
  author = {{RTCA Inc} and {EUROCAE}},
  title = {{DO-178B}: Software considerations in Airborne Systems and Equipment Certification},
  date = {1992}
}

@InProceedings{Pandita2015:SCAM,
  author =    {R. Pandita and R. P. Jetley and S. D. Sudarsan and L. Williams},
  title =     {Discovering likely mappings between APIs using text mining},
  booktitle = {2015 IEEE 15th International Working Conference on Source Code Analysis and Manipulation (SCAM)},
  year =      {2015},
  pages =     {231-240},
  month =     {Sept},
  comment =   {Lang. Migration},
  doi =       {10.1109/SCAM.2015.7335419},
  keywords =  {Java;application program interfaces;data mining;text analysis;API document;API method;Java;TMAP;application programming interface;source code;source code analysis;text mining;Androids;Humanoid robots;Indexing;Java;Software;Text mining},
  owner =     {sgerasimou},
  timestamp = {2017.04.26}
}

@Article{Rajagopal2014,
  author =   {S. Rajagopal and J.A. Erkoyuncu and R. Roy},
  title =    {Software Obsolescence in Defence },
  journal =  {Procedia \{CIRP\} },
  year =     {2014},
  volume =   {22},
  pages =    {76 - 80},
  note =     {Proceedings of the 3rd International Conference in Through-life Engineering Services },
  doi =      {http://dx.doi.org/10.1016/j.procir.2014.07.121},
  issn =     {2212-8271},
  keywords = {Software Obsolescecenc},
  url =      {//www.sciencedirect.com/science/article/pii/S2212827114009342}
}

@Article{Robillard2013:TSE,
  author =        {Robillard, Martin P. and Bodden, Eric and Kawrykow, David and Mezini, Mira and Ratchford, Tristan},
  title =         {Automated {API} Property Inference Techniques},
  journal =       {IEEE TSE},
  year =          {2013},
  volume =        {39},
  number =        {5},
  pages =         {613--637},
  __markedentry = {[sgerasimou:1]},
  acmid =         {2498776},
  address =       {Piscataway, NJ, USA},
  comment =       {Lang. Migration},
  doi =           {10.1109/TSE.2012.63},
  issn =          {0098-5589},
  issue_date =    {May 2013},
  keywords =      {Itemsets,Context,Association rules,Protocols,Programming,Software engineering,API usage pattern,API property,programming rules,specifications,protocols,interface,data mining,pattern mining,API evolution},
  numpages =      {25},
  owner =         {sgerasimou},
  publisher =     {IEEE Press},
  timestamp =     {2017.04.26},
  url =           {http://dx.doi.org/10.1109/TSE.2012.63}
}

@Article{RomeroRojo2010:IJAMT,
  author =        {Romero Rojo, Francisco Javier and Roy, Rajkumar and Shehab, Essam},
  title =         {Obsolescence management for long-life contracts: state of the art and future trends},
  journal =       {International Journal of Advanced Manufacturing Technology},
  year =          {2010},
  volume =        {49},
  number =        {9},
  pages =         {1235--1250},
  __markedentry = {[sgerasimou:1]},
  owner =         {sgerasimou},
  timestamp =     {2017.04.26}
}

@InProceedings{Roover2013:ICPC,
  author =    {C. De Roover and R. Lï¿½mmel and E. Pek},
  title =     {Multi-dimensional exploration of API usage},
  booktitle = {2013 21st International Conference on Program Comprehension (ICPC)},
  year =      {2013},
  pages =     {152-161},
  month =     {May},
  comment =   {Lib.Visualisation},
  doi =       {10.1109/ICPC.2013.6613843},
  issn =      {1092-8138},
  keywords =  {Java;application program interfaces;meta data;public domain software;API developers;API metadata;API usage metrics;API users;API-usage analysis;IDE;Java projects;QUAATLAS corpus;Web-enabled tool EXAPUS;multidimensional exploration;open-source exploration approach;Abstracts;Graphical user interfaces;Java;Libraries;Measurement;Software;XML;API usage;EXAPUS;QUAATLAS;QUALITAS;code exploration;metadata;program comprehension;reverse engineering},
  owner =     {sgerasimou},
  timestamp = {2017.04.26}
}

@Article{Sandborn2007:TCPT,
  author =  {Sandborn, Peter},
  title =   {Software obsolescence-Complicating the part and technology obsolescence management problem},
  journal = {IEEE Transactions on Components and Packaging Technologies},
  year =    {2007},
  volume =  {30},
  number =  {4},
  pages =   {886--888}
}

@Article{Sandborn2013:CIRP,
  author =   {Peter Sandborn},
  title =    {Design for Obsolescence Risk Management},
  journal =  {Procedia CIRP},
  year =     {2013},
  volume =   {11},
  pages =    {15 - 22},
  doi =      {http://dx.doi.org/10.1016/j.procir.2013.07.073},
  issn =     {2212-8271},
  keywords = {Obsolescence},
  url =      {http://www.sciencedirect.com/science/article/pii/S2212827113005477}
}

@Article{Sandborn2015:IME,
  author =    {Peter Sandborn},
  title =     {Forecasting technology and part obsolescence},
  journal =   {Institution of Mechanical Engineers, Part B: Journal of Engineering Manufacture},
  year =      {2015},
  pages =     {1--10},
  owner =     {sgerasimou},
  timestamp = {2017.04.26}
}

@InBook{Sandborn2008:HPE,
  pages =         {81--103},
  title =         {Designing Engineering Systems for Sustainability},
  year =          {2008},
  author =        {Sandborn, Peter and Myers, Jessica},
  __markedentry = {[sgerasimou:1]},
  booktitle =     {Handbook of Performability Engineering}
}

@Article{Santhiar2014:TOSEM,
  author =     {Santhiar, Anirudh and Pandita, Omesh and Kanade, Aditya},
  title =      {Mining Unit Tests for Discovery and Migration of Math APIs},
  journal =    {ACM Trans. Softw. Eng. Methodol.},
  year =       {2014},
  volume =     {24},
  number =     {1},
  pages =      {4:1--4:33},
  month =      oct,
  acmid =      {2629506},
  address =    {New York, NY, USA},
  articleno =  {4},
  comment =    {Lib. Migration},
  doi =        {10.1145/2629506},
  issn =       {1049-331X},
  issue_date = {September 2014},
  keywords =   {API discovery, API migration, mathematical computation, mining, unit tests},
  numpages =   {33},
  owner =      {sgerasimou},
  publisher =  {ACM},
  timestamp =  {2017.04.26},
  url =        {http://doi.acm.org/10.1145/2629506}
}

@Book{Seacord2003:Modernisation,
  title =     {Modernizing Legacy Systems: Software Technologies, Engineering Process and Business Practices},
  publisher = {Addison-Wesley Longman Publishing Co., Inc.},
  year =      {2003},
  author =    {Seacord, Robert C. and Plakosh, Daniel and Lewis, Grace A.}
}

@Article{Singh2006:TEC,
  author =    {Singh, Pameet and Sandborn, Peter},
  title =     {Obsolescence driven design refresh planning for sustainment-dominated systems},
  journal =   {The Engineering Economist},
  year =      {2006},
  volume =    {51},
  number =    {2},
  pages =     {115--139},
  publisher = {Taylor \& Francis}
}

@InProceedings{Teyton2012:WCRE,
  author =    {C. Teyton and J. R. Falleri and X. Blanc},
  title =     {Mining Library Migration Graphs},
  booktitle = {2012 19th Working Conference on Reverse Engineering},
  year =      {2012},
  pages =     {289-298},
  month =     {Oct},
  comment =   {Lib. Migration},
  doi =       {10.1109/WCRE.2012.38},
  issn =      {1095-1350},
  keywords =  {data mining;graph theory;software libraries;external software library;library life cycle;library migration graph mining;library replacement;project life cycle;software project;software system;Data mining;Google;Libraries;Manuals;Search engines;Software;Software algorithms;dependencies management;software evolution;software maintenance},
  owner =     {sgerasimou},
  timestamp = {2017.04.26}
}

@InProceedings{Teyton2013:WCRE,
  author =        {C. Teyton and J. R. Falleri and X. Blanc},
  title =         {Automatic discovery of function mappings between similar libraries},
  booktitle =     {2013 20th Working Conference on Reverse Engineering (WCRE)},
  year =          {2013},
  pages =         {192-201},
  month =         {Oct},
  comment =       {Lib. Migration},
  doi =           {10.1109/WCRE.2013.6671294},
  issn =          {1095-1350},
  keywords =      {Java;application program interfaces;project management;public domain software;software libraries;software maintenance;API;Java open source software projects;application programming interface;function mapping automatic discovery;library migration;software maintenance;software source code;third-party library;Algorithm design and analysis;Approximation algorithms;Context;Java;Libraries;Software systems},
  owner =         {sgerasimou},
  timestamp =     {2017.04.26}
}

@Article{Teyton2014:JSEP,
  author =        {Teyton, Cï¿½dric and Falleri, Jean-Rï¿½my and Palyart, Marc and Blanc, Xavier},
  title =         {A study of library migrations in Java},
  journal =       {Journal of Software: Evolution and Process},
  year =          {2014},
  volume =        {26},
  number =        {11},
  pages =         {1030--1052},
  note =          {JSME-13-0038.R2},
  comment =       {Lib. Migration},
  doi =           {10.1002/smr.1660},
  issn =          {2047-7481},
  keywords =      {software evolution, software repositories, API analysis},
  owner =         {sgerasimou},
  timestamp =     {2017.04.26},
  url =           {http://dx.doi.org/10.1002/smr.1660}
}

@InProceedings{Bartolomei2011:MSDM,
  author =        {Thiago Tonelli Bartolomei, Mahdi Derakhshanmanesh, Andreas Fuhr, Peter Koch, Mathias Konrath, Ralf Lammel, and Heiko Winnebeck},
  title =         {Combining multiple dimensions of knowledge in {API} migration},
  booktitle =     {{First International Workshop on Model-Driven Software Migration (MDSM 2011)}},
  year =          {2011},
  publisher =     {CEUR},
  note =          {4 pages. To appear.},
  comment =       {Lib. Migration},
  owner =         {sgerasimou},
  timestamp =     {2017.04.26},
  url =           {http://softlang.uni-koblenz.de/apirep/}
}

@Misc{Bartolomei2012:PhD,
  author =    {{Tonelli Bartolomei, Thiago}},
  title =     {Migration of Applications across Object-Oriented APIs},
  year =      {2012},
  comment =   {Lib. Migration},
  owner =     {sgerasimou},
  publisher = {UWSpace},
  timestamp = {2017.04.26},
  url =       {https://uwspace.uwaterloo.ca/handle/10012/6948}
}

@Misc{ProjectResponse,
  author =    {{University of York}},
  title =     {{Response to ``Investigation into Technical Obsolescence Management Strategies for Safety-Related Software for Airborne Systems"}},
  month =     {July},
  year =      {2016},
  owner =     {sgerasimou},
  timestamp = {2017.01.22}
}

@Article{Xing2007:TSE,
  author =        {Z. Xing and E. Stroulia},
  title =         {{API}-Evolution Support with {Diff-CatchUp}},
  journal =       {IEEE TSE},
  year =          {2007},
  volume =        {33},
  number =        {12},
  pages =         {818-836},
  __markedentry = {[sgerasimou:1]},
  doi =           {10.1109/TSE.2007.70747},
  issn =          {0098-5589},
  keywords =      {application program interfaces;object-oriented programming;software maintenance;software prototyping;software quality;software reusability;software tools;API-evolution support;Diff-CatchUp tool;client application migration;component framework functionality;component framework maintenance;component framework quality;reusable component framework evolution;reuse-based software development;D.2.10.g Object-oriented design methods;D.2.2.eProgrammer workbench;D.2.3.aObject-oriented programming;D.2.3Coding Tools and Techniques}
}

@InProceedings{Zhong2010:ICSE,
  author =        {Zhong, Hao and Thummalapenta, Suresh and Xie, Tao and Zhang, Lu and Wang, Qing},
  title =         {Mining API Mapping for Language Migration},
  booktitle =     {ICSE'10},
  year =          {2010},
  pages =         {195--204},
  __markedentry = {[sgerasimou:1]},
  comment =       {Lang. Migration}
}

@Misc{JSPP886,
  title =     {{JSPP 886, Volume 7, Part 8.13: Obsolescence management}},
  year =      {2007},
  owner =     {sgerasimou},
  timestamp = {2017.01.23},
  volume =    {7}
}

@Misc{ObsolescenceStandard,
  title =     {{IEC 62402:2007 Obsolescence management. Application guide}},
  year =      {2007},
  owner =     {sgerasimou},
  timestamp = {2017.01.23}
}

@Misc{TyphoonProject,
  title =     {Management of the {Typhoon} project},
  year =      {2011},
  note =      {House of Commons Committee of Public Accounts. Thirtieth Report of Session 2010-12},
  owner =     {sgerasimou},
  timestamp = {2017.01.23}
}

@Misc{FASTspecification,
  title =        {{FAST} Protocol Specification Version 1.1},
  howpublished = {www.fixprotocol.org/fast},
  note =         {Last accessed January 2017},
  timestamp =    {2017.01.24}
}
